@article{sobernig2015,
	author={Sobernig, Stefan and Hoisl, Bernhard and Strembeck, Mark},
	title={Extracting Reusable Design Decisions for UML-based Domain-specific Langages: A Multi-Method Study},
	journaltitle={Journal of Systems and Software},
	year={2016},
	doi={10.1016/j.jss.2015.11.037},
	publisher={Elsevier}
}

@article{chaudron2017,
	author={Michel R. V., Chaudron},
	title={Empirical Studies into UML in Practice: Pitfalls and Prospects},
	journaltitle={IEEE/ACM 9th International Workshop on Modelling in Software
		Engineering},
	year={2017},
	doi={10.1109/MiSE.2017.24}
}

@article{aldaeej2016,
	author={Aldaeej, Abdullah and Badreddin, Omar},
	title={Towards Promoting Design and UML Modelling Practices in the Open Source Community},
	journaltitle={IEEE/ACM 38th International Conference on Software Engineering Companion},
	year={2016},
	doi={10.1145/2889160.2892649}
}

@book{rumpe2004,
	author={Rumpe, Bernhard },
	title={Modelling With UML},
	subtitle={Language, Concepts, Methods },
	year={2004},
	location={Aachen, Alemania},
	publisher={Springer},
	doi={10.1007/978-3-319-33933-7}
}

@article{forward2010,
	author={Forward, Andrew and Lethbridge, Timothy},
	title={Perceptions of Software Modeling: a Survey of Software Practitioners},
	journaltitle={5th Workshop from Code Centric to Model
		Centric: Evaluating the Effectiveness of MDD},
	year={2010}
}

@article{bente2006,
	author={Anda, Bente and Hansen, Kai and Gullesen, Ingolf and Thorsen, Hanne Kristin},
	title={Experience from Introducing UML-based Development in a Large Safety-Critical Project},
	journaltitle={Empirical Software Engineering},
	year={2006},
	publisher={Springer},
	doi={10.1007/s10664-006-9020-6}
}

