@book{teolengprog,
	author="L\'opez Ostenero, Fernando; Garcia Serrano, Ana Maria",
	title="Teoria de los Lenguajes de Programacion",
	publisher="Editorioal Universitaria Ramon Areces"
}

@book{lengprog,
	author="Louden, K. Enneth C.",
	title="Lenguajes de Programacion principios y practica",
	edition="Segunda Edificion",
	publisher="Thomson",
	year="2004"
}
